@misc{dcwiki,
  author       = {Wikipedia},
  title        = {{Gleichstrommaschinen}},
  howpublished = {\url{https://de.wikipedia.org/wiki/Gleichstrommaschine}},
  year         = {2020},
  note         = {Abgerufen am 21. März 2021}
}

@misc{asyncwiki,
  author       = {Wikipedia},
  title        = {{Drehstrom-Asynchronmaschine}},
  howpublished = {\url{https://de.wikipedia.org/wiki/Drehstrom-Asynchronmaschine}},
  year         = {2020},
  note         = {Abgerufen am 21. März 2021}
}

@misc{syncwiki,
  author       = {Wikipedia},
  title        = {{Synchronmotor}},
  howpublished = {\url{https://de.wikipedia.org/wiki/Synchronmotor}},
  year         = {2020},
  note         = {Abgerufen am 21. März 2021}
}